@misc{IoTAnalytics,
  author = {{Mohammad Hasan}},
  title = {State of IoT 2022: Number of connected IoT devices growing 18\% to 14.4 billion globally},
  urldate = {2022-07-30},
   url = {https://iot-analytics.com/number-connected-iot-devices/}
}

@misc{KevinAshton,
  author = {{Jeremy M. Norman}},
  title = {Kevin Ashton Invents the Term "The Internet of Things"},
  urldate = {2022-08-01},
   url = {https://www.historyofinformation.com/detail.php?id=3411}
}

@misc{ Blynk,
  author = {{ Blynk}},
  title = { Blynk},
  urldate = {2022-07-29},
   url = {https://blynk.io}
}

@misc{ Flutter,
  author = {{ Flutter}},
  title = { Flutter},
  urldate = {2022-08-03},
   url = {https://flutter.dev}
}

@misc{ NodeJS,
  author = {{ NodeJS}},
  title = { NodeJS},
  urldate = {2022-07-29},
   url = {https://nodejs.org/en/}
}

@misc{ SocketIO,
  author = {{ Damien Arrachequesne}},
  title = { Socket.IO},
  urldate = {2022-07-30},
   url = {https://socket.io/}
}

@misc{ ESP32-WROOM-32,
  author = {{ Espressif Systems}},
  title = { ESP32-WROOM-32},
  urldate = {2022-07-25},
   url = {https://www.espressif.com/sites/default/files/documentation/esp32-wroom-32e_esp32-wroom-32ue_datasheet_en.pdf}
}

@misc{ Dart,
  author = {{ Dart}},
  title = { Dart},
  urldate = {2022-08-05},
   url = {https://dart.dev}
}

@misc{ ExpressJS,
  author = {{ ExpressJS}},
  title = { ExpressJS},
  urldate = {2022-08-01},
   url = {https://expressjs.com}
}

@misc{ V8_Javascript_engine,
  author = {{ ExpressJS}},
  title = { V8 Javascript engine},
  urldate = {2022-08-01},
   url = {https://v8.dev}
}

@misc{ Bluetooth,
  author = {{ Bluetooth}},
  title = { Bluetooth},
  urldate = {2022-08-01},
   url = {https://www.bluetooth.com}
}

@misc{ Firebase,
  author = {{ Google}},
  title = { Firebase},
  urldate = {2022-07-25},
   url = {https://firebase.google.com}
}

@article{hovy1993automated,
  title={Automated discourse generation using discourse structure relations},
  author={Hovy, Eduard H},
  journal={Artificial intelligence},
  volume={63},
  number={1-2},
  pages={341--385},
  year={1993},
  publisher={Elsevier Science Publishers}
}

@book{peterson2007computer,
  title={Computer networks: a systems approach},
  author={Peterson, Larry L and Davie, Bruce S},
  year={2007},
  publisher={Elsevier}
}

@book{NguyenThucHai,
  title={Mạng máy tính và các hệ thống mở},
  author={Nguyễn Thúc Hải},
  year={1999},
  publisher={Nhà xuất bản giáo dục}
}

@inproceedings{poesio2001discourse,
  title={Discourse structure and anaphoric accessibility},
  author={Poesio, Massimo and Di Eugenio, Barbara},
  booktitle={{ESSLLI} workshop on information structure, discourse structure and discourse semantics, Copenhagen, Denmark},
  pages={129--143},
  year={2001}
}

@phdthesis{knott1996data,
  author  = {Knott, Alistair},
  title   = {A data-driven methodology for motivating a set of coherence relations},
  school  = {The University of Edinburgh, {UK}},
  year    = {1996}
}

@misc{BernersTim,
  author = {Berners-Lee, Tim},
  title = {Hypertext Transfer Protocol ({HTTP})},
  url = {ftp:/info.cern.ch/pub/www/doc/http-spec.txt.Z},
  urldate = {2010-09-30}
}


@misc{LectureA,
  author = {{Princeton University}},
  title = {WordNet},
  urldate = {2010-09-30},
   url = {http://www.cogsci.princeton.edu/~wn/index.shtml}
}

